<collection xmlns="http://www.loc.gov/MARC21/slim">
<record>
  <leader>02102nam0a2200361 i 450 </leader>
  <controlfield tag="001">IT\ICCU\CNCE\018261</controlfield>
  <controlfield tag="005">20070920000000.0</controlfield>
  <datafield tag="012" ind1=" " ind2=" ">
    <subfield code="a">ioua lasi i-e- melo (3) 1507 (A)</subfield>
    <subfield code="2">fei</subfield>
  </datafield>
  <datafield tag="100" ind1=" " ind2=" ">
    <subfield code="a">19970101d1507        0itac0103    ba</subfield>
  </datafield>
  <datafield tag="101" ind1=" " ind2=" ">
    <subfield code="a">LAT</subfield>
  </datafield>
  <datafield tag="102" ind1=" " ind2=" ">
    <subfield code="a">IT</subfield>
  </datafield>
  <datafield tag="200" ind1="1" ind2=" ">
    <subfield code="a">℗Domini Vincentii de Herculanis de Perusia ... ℗Super titulo De legatis primo, Ad legem falcidiam, et ad senatusconsultum trebellianum commentaria utilissima vtilissima per eundem diligenter emendata: &amp; cum nonnullis eiusdem apostillis ... nouiter impressa</subfield>
  </datafield>
  <datafield tag="210" ind1=" " ind2=" ">
    <subfield code="e">Impressum Perusij</subfield>
    <subfield code="g">per Franciscum Baldesaris de Cartolarijs</subfield>
    <subfield code="h">1507 die XXVII Aprilis</subfield>
  </datafield>
  <datafield tag="215" ind1=" " ind2=" ">
    <subfield code="a">161, \1! c.</subfield>
    <subfield code="d">fol</subfield>
  </datafield>
  <datafield tag="620" ind1=" " ind2=" ">
    <subfield code="a">IT</subfield>
    <subfield code="d">Perugia</subfield>
  </datafield>
  <datafield tag="700" ind1=" " ind2="1">
    <subfield code="a">Ercolani,</subfield>
    <subfield code="b">Vincenzo</subfield>
    <subfield code="c"> &lt;m. 1539&gt;</subfield>
    <subfield code="3">IT\ICCU\CNCA\005085</subfield>
  </datafield>
  <datafield tag="712" ind1="0" ind2="0">
    <subfield code="a">Cartolari, Francesco</subfield>
    <subfield code="3">IT\ICCU\CNCT\000179</subfield>
    <subfield code="4">650</subfield>
  </datafield>
  <datafield tag="790" ind1=" " ind2="1">
    <subfield code="a">Herculanis,</subfield>
    <subfield code="b">Vincentius : de</subfield>
    <subfield code="c"> &lt;m. 1539&gt;</subfield>
    <subfield code="3">IT\ICCU\CNCA\014187</subfield>
    <subfield code="z">Ercolani, Vincenzo &lt;m. 1539&gt;</subfield>
  </datafield>
  <datafield tag="790" ind1=" " ind2="0">
    <subfield code="a">Vincenzo</subfield>
    <subfield code="c"> : dal#Fregio</subfield>
    <subfield code="c"> &lt;m. 1539&gt;</subfield>
    <subfield code="3">IT\ICCU\CNCA\018750</subfield>
    <subfield code="z">Ercolani, Vincenzo &lt;m. 1539&gt;</subfield>
  </datafield>
  <datafield tag="790" ind1=" " ind2="1">
    <subfield code="a">Herculanus,</subfield>
    <subfield code="b">Vincentius</subfield>
    <subfield code="c"> &lt;m. 1539&gt;</subfield>
    <subfield code="3">IT\ICCU\CNCA\023314</subfield>
    <subfield code="z">Ercolani, Vincenzo &lt;m. 1539&gt;</subfield>
  </datafield>
  <datafield tag="791" ind1="0" ind2="2">
    <subfield code="a">Franciscus Baldasaris</subfield>
    <subfield code="3">IT\ICCU\CNCT\004487</subfield>
    <subfield code="z">Cartolari, Francesco</subfield>
  </datafield>
  <datafield tag="791" ind1="0" ind2="2">
    <subfield code="a">Franciscus Baldessaris</subfield>
    <subfield code="3">IT\ICCU\CNCT\004489</subfield>
    <subfield code="z">Cartolari, Francesco</subfield>
  </datafield>
  <datafield tag="791" ind1="0" ind2="2">
    <subfield code="a">Francesco de Baldasaro</subfield>
    <subfield code="3">IT\ICCU\CNCT\004492</subfield>
    <subfield code="z">Cartolari, Francesco</subfield>
  </datafield>
  <datafield tag="801" ind1=" " ind2="3">
    <subfield code="a">IT</subfield>
    <subfield code="b">ICCU</subfield>
    <subfield code="c">20201114</subfield>
  </datafield>
  <datafield tag="899" ind1=" " ind2=" ">
    <subfield code="a">Biblioteca comunale dell&apos;Archiginnasio. Bologna</subfield>
    <subfield code="1">BO0304</subfield>
    <subfield code="2">UBO GA</subfield>
  </datafield>
  <datafield tag="899" ind1=" " ind2=" ">
    <subfield code="a">Biblioteca Apostolica Vaticana. Citt ̉del Vaticano</subfield>
    <subfield code="1">EX0001</subfield>
    <subfield code="2">ZCV 01</subfield>
  </datafield>
  <datafield tag="899" ind1=" " ind2=" ">
    <subfield code="a">Biblioteca diocesana Cardinal Cesare Baronio. Sora</subfield>
    <subfield code="z">MUTILO</subfield>
    <subfield code="1">FR0104</subfield>
    <subfield code="2">RMS Q5</subfield>
  </datafield>
  <datafield tag="899" ind1=" " ind2=" ">
    <subfield code="a">Biblioteca comunale. Assisi</subfield>
    <subfield code="1">PG0001</subfield>
    <subfield code="2">UM1 10</subfield>
  </datafield>
  <datafield tag="899" ind1=" " ind2=" ">
    <subfield code="a">Biblioteca comunale Augusta. Perugia</subfield>
    <subfield code="1">PG0109</subfield>
    <subfield code="2">UM1 01</subfield>
  </datafield>
  <datafield tag="899" ind1=" " ind2=" ">
    <subfield code="a">Biblioteca nazionale centrale. Roma</subfield>
    <subfield code="1">RM0267</subfield>
    <subfield code="2">BVE CR</subfield>
  </datafield>
  <datafield tag="899" ind1=" " ind2=" ">
    <subfield code="a">Biblioteca Casanatense. Roma</subfield>
    <subfield code="1">RM0313</subfield>
    <subfield code="2">RML 07</subfield>
  </datafield>
  <datafield tag="911" ind1=" " ind2=" ">
    <subfield code="a">in fine</subfield>
    <subfield code="9">IT\ICCU\CNCM\002107</subfield>
  </datafield>
  <datafield tag="921" ind1=" " ind2=" ">
    <subfield code="a">IT\ICCU\CNCM\002107</subfield>
    <subfield code="b">Croce latina con quattro punti e iniziale F. In cornice.</subfield>
    <subfield code="c">Z400</subfield>
    <subfield code="d">5,8 x 8,5 cm.</subfield>
    <subfield code="f">CROCE</subfield>
    <subfield code="f">F</subfield>
    <subfield code="g">1502-[non dopo il 1518]</subfield>
  </datafield>
</record>
</collection>
